@ONLINE{wiki:protocol,
  url = {https://bitmessage.org/wiki/Protocol_specification},
  title = {Bitmessage Wiki: Protocol Specification},
  publisher = {Bitmessage Wiki},
  urldate = {2015-04-24},
  author = {Atheros and Coe, Jonathan},
  year = {2015},
}